<?xml version="1.0"?>
<zs:searchRetrieveResponse xmlns:zs="http://docs.oasis-open.org/ns/search-ws/sruResponse"><zs:numberOfRecords>2</zs:numberOfRecords><zs:records><zs:record><zs:recordSchema/><zs:recordXMLEscaping>xml</zs:recordXMLEscaping><zs:recordData><opacRecord>
  <bibliographicRecord>
<record xmlns="http://www.loc.gov/MARC21/slim">
  <leader>01941pam a22004694a 4500</leader>
  <controlfield tag="001">9950935833406236</controlfield>
  <controlfield tag="005">20180619141932.0</controlfield>
  <controlfield tag="008">070531s2007    enk      b    001 0 eng  </controlfield>
  <datafield tag="010" ind1=" " ind2=" ">
    <subfield code="a">  2007022227</subfield>
  </datafield>
  <datafield tag="015" ind1=" " ind2=" ">
    <subfield code="a">GBA747812</subfield>
    <subfield code="2">bnb</subfield>
  </datafield>
  <datafield tag="016" ind1="7" ind2=" ">
    <subfield code="a">013773183</subfield>
    <subfield code="2">Uk</subfield>
  </datafield>
  <datafield tag="020" ind1=" " ind2=" ">
    <subfield code="a">9781842778715 (pb : alk. paper)</subfield>
  </datafield>
  <datafield tag="020" ind1=" " ind2=" ">
    <subfield code="a">1842778714 (pb : alk. paper)</subfield>
  </datafield>
  <datafield tag="020" ind1=" " ind2=" ">
    <subfield code="a">9781842778708 (hb : alk. paper)</subfield>
  </datafield>
  <datafield tag="020" ind1=" " ind2=" ">
    <subfield code="a">1842778706 (hb : alk. paper)</subfield>
  </datafield>
  <datafield tag="035" ind1=" " ind2=" ">
    <subfield code="a">(OCoLC)ocn137331474</subfield>
  </datafield>
  <datafield tag="035" ind1=" " ind2=" ">
    <subfield code="a">5093583</subfield>
  </datafield>
  <datafield tag="035" ind1=" " ind2=" ">
    <subfield code="a">(ppiu)5093583-pittdb</subfield>
  </datafield>
  <datafield tag="035" ind1=" " ind2=" ">
    <subfield code="a">(pittdb)5093583-pittdb</subfield>
  </datafield>
  <datafield tag="040" ind1=" " ind2=" ">
    <subfield code="a">DLC</subfield>
    <subfield code="c">DLC</subfield>
    <subfield code="d">YDX</subfield>
    <subfield code="d">BTCTA</subfield>
    <subfield code="d">UKM</subfield>
    <subfield code="d">BAKER</subfield>
    <subfield code="d">YDXCP</subfield>
    <subfield code="d">OrLoB-B</subfield>
    <subfield code="d">UtOrBLW</subfield>
  </datafield>
  <datafield tag="049" ind1=" " ind2=" ">
    <subfield code="a">PITT</subfield>
  </datafield>
  <datafield tag="050" ind1="0" ind2="0">
    <subfield code="a">HC79.E5</subfield>
    <subfield code="b">K685 2007</subfield>
  </datafield>
  <datafield tag="082" ind1="0" ind2="0">
    <subfield code="a">333.7</subfield>
    <subfield code="2">22</subfield>
  </datafield>
  <datafield tag="100" ind1="1" ind2=" ">
    <subfield code="a">Kovel, Joel,</subfield>
    <subfield code="d">1936-2018.</subfield>
  </datafield>
  <datafield tag="245" ind1="1" ind2="4">
    <subfield code="a">The enemy of nature :</subfield>
    <subfield code="b">the end of capitalism or the end of the world? /</subfield>
    <subfield code="c">Joel Kovel.</subfield>
  </datafield>
  <datafield tag="250" ind1=" " ind2=" ">
    <subfield code="a">2nd ed.</subfield>
  </datafield>
  <datafield tag="260" ind1=" " ind2=" ">
    <subfield code="a">London ;</subfield>
    <subfield code="a">New York :</subfield>
    <subfield code="b">Zed Books ;</subfield>
    <subfield code="a">Halifax :</subfield>
    <subfield code="b">Fernwood Pub. ;</subfield>
    <subfield code="a">New York, NY :</subfield>
    <subfield code="b">Distributed in the USA exclusively by Palgrave Macmillan,</subfield>
    <subfield code="c">2007.</subfield>
  </datafield>
  <datafield tag="300" ind1=" " ind2=" ">
    <subfield code="a">xvi, 329 p. ;</subfield>
    <subfield code="c">21 cm.</subfield>
  </datafield>
  <datafield tag="504" ind1=" " ind2=" ">
    <subfield code="a">Includes bibliographical references (p. 310-320) and index.</subfield>
  </datafield>
  <datafield tag="505" ind1="0" ind2="0">
    <subfield code="g">1.</subfield>
    <subfield code="t">Introduction -- </subfield>
    <subfield code="g">Part I.</subfield>
    <subfield code="t">culprit -- </subfield>
    <subfield code="g">2.</subfield>
    <subfield code="t">ecological crisis -- </subfield>
    <subfield code="g">3.</subfield>
    <subfield code="t">Capital -- </subfield>
    <subfield code="g">4.</subfield>
    <subfield code="t">Capitalism -- </subfield>
    <subfield code="g">Part II.</subfield>
    <subfield code="t">domination of nature -- </subfield>
    <subfield code="g">5.</subfield>
    <subfield code="t">On ecologies -- </subfield>
    <subfield code="g">6.</subfield>
    <subfield code="t">Capital and the domination of nature -- </subfield>
    <subfield code="g">Part III.</subfield>
    <subfield code="t">Paths to ecosocialism -- </subfield>
    <subfield code="g">7.</subfield>
    <subfield code="t">Introduction -- </subfield>
    <subfield code="g">8.</subfield>
    <subfield code="t">critique of actually existing ecopolitics -- </subfield>
    <subfield code="g">9.</subfield>
    <subfield code="t">Prefiguration -- </subfield>
    <subfield code="g">10.</subfield>
    <subfield code="t">Ecosocialism.</subfield>
  </datafield>
  <datafield tag="650" ind1=" " ind2="0">
    <subfield code="a">Environmental economics.</subfield>
  </datafield>
  <datafield tag="650" ind1=" " ind2="0">
    <subfield code="a">Capitalism</subfield>
    <subfield code="x">Environmental aspects.</subfield>
  </datafield>
  <datafield tag="650" ind1=" " ind2="0">
    <subfield code="a">Marxian economics.</subfield>
  </datafield>
  <datafield tag="650" ind1=" " ind2="0">
    <subfield code="a">Environmental policy.</subfield>
  </datafield>
  <datafield tag="906" ind1=" " ind2=" ">
    <subfield code="a">ULS</subfield>
  </datafield>
  <datafield tag="945" ind1=" " ind2=" ">
    <subfield code="a">PromptCat</subfield>
    <subfield code="b">Firm</subfield>
    <subfield code="c">PITT</subfield>
  </datafield>
  <datafield tag="946" ind1=" " ind2=" ">
    <subfield code="a">econ</subfield>
    <subfield code="b">BookA</subfield>
    <subfield code="c">31735056082393</subfield>
  </datafield>
  <datafield tag="947" ind1=" " ind2=" ">
    <subfield code="a">20.46</subfield>
    <subfield code="b">272898</subfield>
  </datafield>
  <datafield tag="994" ind1=" " ind2=" ">
    <subfield code="a">92</subfield>
    <subfield code="b">PIT</subfield>
  </datafield>
  <datafield tag="852" ind1="0" ind2=" ">
    <subfield code="b">THOM</subfield>
    <subfield code="c">stor</subfield>
    <subfield code="h">HC79.E5</subfield>
    <subfield code="i">K685 2007</subfield>
  </datafield>
  <datafield tag="952" ind1=" " ind2=" ">
    <subfield code="a">econ</subfield>
  </datafield>
  <datafield tag="561" ind1=" " ind2=" ">
    <subfield code="a">HILL.stks</subfield>
  </datafield>
</record>
  </bibliographicRecord>
<holdings>
 <holding>
  <encodingLevel>4</encodingLevel>
  <receiptAcqStatus>0</receiptAcqStatus>
  <generalRetention>8</generalRetention>
  <completeness>1</completeness>
  <dateOfReport>000000</dateOfReport>
  <localLocation>ULS - Thomas Blvd</localLocation>
  <shelvingLocation>stacks</shelvingLocation>
  <callNumber>HC79.E5 K685 2007</callNumber>
  <volumes>
   <volume>
    <enumeration>       </enumeration>
    <chronology>     </chronology>
   </volume>
  </volumes>
  <circulations>
   <circulation>
    <availableNow value="1"/>
    <itemId>31735056082393</itemId>
    <renewable value="0"/>
    <onHold value="0"/>
   </circulation>
  </circulations>
 </holding>
</holdings>
</opacRecord></zs:recordData><zs:recordPosition>1</zs:recordPosition></zs:record>